<record><leader>00000cas a2200000 a 4500</leader><controlfield tag="001">15925927</controlfield><controlfield tag="008">870612d19291935inuwr ne      0    0eng c</controlfield><datafield ind1=" " ind2=" " tag="010"><subfield code="a">sn 87055227 </subfield></datafield><datafield ind1=" " ind2=" " tag="040"><subfield code="a">NPI</subfield><subfield code="b">eng</subfield><subfield code="c">NPI</subfield><subfield code="d">CUI</subfield><subfield code="d">OCLCQ</subfield><subfield code="d">OCLCF</subfield></datafield><datafield ind1=" " ind2=" " tag="042"><subfield code="a">pcc</subfield></datafield><datafield ind1=" " ind2=" " tag="043"><subfield code="a">n-us-in</subfield></datafield><datafield ind1=" " ind2="4" tag="050"><subfield code="a">AN</subfield></datafield><datafield ind1="0" ind2="0" tag="245"><subfield code="a">Lafayette Democrat-leader.</subfield></datafield><datafield ind1=" " ind2=" " tag="260"><subfield code="a">Lafayette, Ind. :</subfield><subfield code="b">Tippecanoe Print. Co.,</subfield><subfield code="c">1929-1935.</subfield></datafield><datafield ind1=" " ind2=" " tag="310"><subfield code="a">Weekly</subfield></datafield><datafield ind1="0" ind2=" " tag="362"><subfield code="a">June 7, 1929-Mar. 29, 1935.</subfield></datafield><datafield ind1=" " ind2=" " tag="580"><subfield code="a">Formed by the union of: Lafayette Sunday leader; Tippecanoe County Democrat (Lafayette, Ind. : 1922): and: Lafayette leader (Lafayette, Ind.).</subfield></datafield><datafield ind1=" " ind2="0" tag="651"><subfield code="a">Lafayette (Ind.)</subfield><subfield code="v">Newspapers.</subfield></datafield><datafield ind1=" " ind2="0" tag="651"><subfield code="a">Tippecanoe County (Ind.)</subfield><subfield code="v">Newspapers.</subfield></datafield><datafield ind1=" " ind2="7" tag="655"><subfield code="a">Newspapers.</subfield><subfield code="2">fast</subfield><subfield code="0">(OCoLC)fst01423814</subfield></datafield><datafield ind1=" " ind2="7" tag="651"><subfield code="a">Indiana</subfield><subfield code="z">Lafayette.</subfield><subfield code="2">fast</subfield><subfield code="0">(OCoLC)fst01204553</subfield></datafield><datafield ind1=" " ind2="7" tag="651"><subfield code="a">Indiana</subfield><subfield code="z">Tippecanoe County.</subfield><subfield code="2">fast</subfield><subfield code="0">(OCoLC)fst01213782</subfield></datafield><datafield ind1=" " ind2=" " tag="752"><subfield code="a">United States</subfield><subfield code="b">Indiana</subfield><subfield code="c">Tippecanoe</subfield><subfield code="d">Lafayette.</subfield></datafield><datafield ind1="1" ind2="4" tag="780"><subfield code="t">Lafayette Sunday leader</subfield><subfield code="w">(DLC)sn 86059107</subfield><subfield code="w">(OCoLC)14961320</subfield></datafield><datafield ind1="1" ind2="4" tag="780"><subfield code="t">Tippecanoe County Democrat (Lafayette, Ind. : 1922)</subfield><subfield code="w">(DLC)sn 87055486</subfield><subfield code="w">(OCoLC)15907795</subfield></datafield><datafield ind1="1" ind2="4" tag="780"><subfield code="t">Lafayette leader (Lafayette, Ind.)</subfield></datafield><datafield ind1="0" ind2="0" tag="785"><subfield code="t">Lafayette leader (Lafayette, Ind. : 1935)</subfield><subfield code="w">(DLC)sn 86059232</subfield><subfield code="w">(OCoLC)12200199</subfield></datafield></record>